@unpublished{reference1,
  author = {Brown, C. S. and French, J. and Koutsos, V. and Poon, W. C. K. and Royer, J. R.},
  title = {Particle interactions and the shear thickening onset},
  note = {In preparation},
  year = {2024}
}

@article{reference2,
  author = {Morris, J. F.},
  title = {Shear Thickening of Concentrated Suspensions: Recent Developments and Relation to Other Phenomena},
  journal = {Annual Review of Fluid Mechanics},
  volume = {52},
  pages = {121-144},
  year = {2020},
  doi = {10.1146/annurev-fluid-010816-060128}
}

@article{reference3,
  author = {Derjaguin, B.},
  title = {Untersuchungen über die Reibung und Adhäsion, IV},
  journal = {Kolloid-Zeitschrift},
  volume = {69},
  pages = {155-164},
  year = {1934},
  doi = {10.1007/BF01433225}
}

@article{reference4,
  author = {Singh, A. and Mari, R. and Denn, M. M. and Morris, J. F.},
  title = {A constitutive model for simple shear of dense frictional suspensions},
  journal = {Journal of Rheology},
  volume = {62},
  pages = {457-468},
  year = {2018},
  doi = {10.1122/1.4999237}
}

@article{guleryuz2012afm,
  title={AFM measurements of forces between silica surfaces},
  author={Guleryuz, Hasan and R{\o}yset, Arne K and Kaus, Ingeborg and Filia{\^a}tre, Claudine and Einarsrud, Mari-Ann},
  journal={Journal of Sol-Gel Science and Technology},
  volume={62},
  number={3},
  pages={460--469},
  year={2012},
  publisher={Springer},
  doi={10.1007/s10971-012-2750-6}
}

@inbook{gittes1997signals,
  title={Signals and Noise in Micromechanical Measurements},
  author={Gittes, Frederick and Schmidt, Christoph F.},
  booktitle={Methods in Cell Biology},
  volume={55},
  chapter={8},
  pages={129--156},
  year={1997},
  publisher={Academic Press},
  address={Ann Arbor, Michigan},
  isbn={9780125641555},
  doi={10.1016/S0091-679X(08)60406-9},
  url={https://www.sciencedirect.com/science/article/pii/S0091679X08604069}
}

@misc{YourGithub2023,
  author = {Thalpy},
  title = {Force-curve-analysis-tool},
  year = {2023},
  publisher = {GitHub},
  journal = {GitHub repository},
  howpublished = {\url{https://github.com/Thalpy/Force-curve-analysis-tool}},
  commit = {49e5b42}
}

@article{Kilpatrick2013DirectlyProbing,
  title={Directly Probing the Effects of Ions on Hydration Forces at Interfaces},
  author={Kilpatrick, Jason I. and Loh, Siu-Hong and Jarvis, Suzanne P.},
  journal={Journal of the American Chemical Society},
  year={2013},
  volume={135},
  number={7},
  pages={2628--2634},
  doi={10.1021/ja310255s},
  url={http://pubs.acs.org},
  note={Supported by Science Foundation Ireland (Grant 07/IN1/B931)},
  publisher={American Chemical Society}
}

@misc{silica2021,
  title = {Silica Physical Properties},
  author = {nanoComposix},
  year = {2021},
  url = {https://nanocomposix.com/pages/silica-physical-properties},
  note = {Accessed: 2024-01-07}
}

@article{Bergstrom1997,
  title={Hamaker constants of inorganic materials},
  author={L. Bergstr{\"o}m},
  journal={Advances in Colloid and Interface Science},
  volume={70},
  pages={125--169},
  year={1997}
}

@article{behrends2006dielectric,
  title={Dielectric properties of glycerol/water mixtures at temperatures between 10 and 50°C},
  author={R. Behrends and K. Fuchs and U. Kaatze and Y. Hayashi and Y. Feldman},
  journal={The Journal of Chemical Physics},
  volume={124},
  number={144512},
  pages={},
  year={2006},
  publisher={American Institute of Physics},
  doi={10.1063/1.2188391},
  note={PMID: 16674183},
  URL={https://pubmed.ncbi.nlm.nih.gov/16674183/},
}

@Inbook{Horinek2014,
author="Horinek, Dominik",
editor="Kreysa, Gerhard
and Ota, Ken-ichiro
and Savinell, Robert F.",
title="DLVO Theory",
bookTitle="Encyclopedia of Applied Electrochemistry",
year="2014",
publisher="Springer New York",
address="New York, NY",
pages="343--346",
isbn="978-1-4419-6996-5",
doi="10.1007/978-1-4419-6996-5_7",
url="https://doi.org/10.1007/978-1-4419-6996-5_7"
}

@article{Valmacco2016,
  title = {Forces between silica particles in the presence of multivalent cations},
  author = {Valmacco, Valentina and Elzbieciak-Wodka, Magdalena and Herman, David and Trefalt, Gregor and Maroni, Plinio and Borkovec, Michal},
  journal = {Journal of Colloid and Interface Science},
  volume = {472},
  pages = {108--115},
  year = {2016},
  doi = {10.1016/j.jcis.2016.03.043},
  publisher = {Elsevier},
  note = {All rights reserved}
}

@article{comtet2017pairwise,
  title={Pairwise frictional profile between particles determines discontinuous shear thickening transition in non-colloidal suspensions},
  author={Comtet, Jean and Chatté, Guillaume and Niguès, Antoine and Bocquet, Lyderic and Colin, Annie and Siria, Alessandro},
  journal={Nature communications},
  volume={8},
  pages={15633},
  year={2017},
  publisher={Nature Publishing Group}
}
